% -*-bibliografia.bib-*-
% Este fichero es parte de la plantilla LaTeX para
% la realización de Proyectos Final de Carrera, protejido
% bajo los términos de la licencia GFDL.
% Para más información, la licencia completa viene incluida en el
% fichero fdl-1.3.tex

% Copyright (C) 2009 Pablo Recio Quijano 


% Libros

@Book{gera09,
    author = 	 {Gerardo Aburruzaga García Inmaculada Medina Bulo Francisco Palomo Lozano},
    title = 	 {Fundamentos de C++},
    publisher = 	 {Servicio de publicaciones de la UCA},
    year = 	 {2009}
}

@Book{eric05,
    author = 	 {Christer Ericson},
    title = 	 {Real Time Collision Detection},
    publisher = 	 {Morgan Kaufmann},
    year = 	 {2005}
}

@Book{greg09,
    author = 	 {Jason Gregory},
    title = 	 {Game Engine Architecture},
    publisher = 	 {A. K. Peters Ltd.},
    year = 	 {2009}
}

@Book{gamm77,
    author = 	 {Erich Gammma},
    title = 	 {Design Patterns},
    publisher = 	 {Addison Wesley},
    year = 	 {1977}
}

@Book{mill09,
    author = 	 {Ian Millington John Fudge},
    title = 	 {Artificial Intelligence for Games},
    publisher = 	 {Morgan Kaufmann},
    year = 	 {2009}
}

@Book{hess09,
    author = 	 {Roland Hess},
    title = 	 {The Essential Blender},
    publisher = 	 {Blender Foundation},
    year = 	 {2009}
}

@Book{junk06,
    author = 	 {Gregory Junker},
    title = 	 {Pro OGRE 3D Programming},
    publisher = 	 {Apress},
    year = 	 {2006}
}

@Book{larm02,
    author = 	 {Craig Larman},
    title = 	 {Applying UML and Patterns},
    publisher = 	 {Prentice Hall PTR},
    year = 	 {2002}
}


% Webs

@MISC{website:latex-wikibooks,
    AUTHOR = "Wikibooks",
    title = "{The Book of LaTeX}",
    HOWPUBLISHED = "\url{http://en.wikibooks.org/wiki/LaTeX}"
}

@MISC{pdf:wikimedia,
    AUTHOR = "{Noelia Sales Montes Emilio José Rodríguez Posada}",
    title = "{Edición de wikis WikiMedia}",
    HOWPUBLISHED = "\url{http://osl2.uca.es/iberogre/images/5/51/Manual_wikimedia.pdf}"
}


@MISC{website:doxygen,
    AUTHOR = "{Dimitri Van Heesch}",
    title = "{Pagina oficial de Doxygen}",
    HOWPUBLISHED = "\url{http://www.doxygen.org}"
}

@MISC{website:ejeseparacion,
    AUTHOR = "{Wikipedia}",
    title = "{Separating Axis Theorem}",
    HOWPUBLISHED = "\url{http://en.wikipedia.org/wiki/Separating_axis_theorem}"
}

@MISC{pdf:make,
    AUTHOR = "{Gerardo Aburruzaga García}",
    title = "{Make. Un programa para controlar la recompilación}",
    HOWPUBLISHED = "\url{http://uca.es/softwarelibre/publicaciones/make.pdf}"
}

@MISC{pdf:jtgettext,
    AUTHOR = "{José Tomás Tocino García}",
    title = "{Traducción de proyectos con GNU gettext en 15 minutos}",
    HOWPUBLISHED = "\url{http://osl.uca.es/files/hackathon/gettext.pdf}"
}

@MISC{website:iberogre,
    AUTHOR = "{David Saltares Márquez}",
    title = "{IberOgre}",
    HOWPUBLISHED = "\url{http://en.wikipedia.org/wiki/Vim_(text_editor)}"
}

@MISC{website:vim,
    AUTHOR = "{Wikipedia}",
    title = "{Vim}",
    HOWPUBLISHED = "\url{http://wikis.uca.es/iberogre}"
}

@MISC{website:multiplataforma,
    AUTHOR = "{David Saltares Márquez}",
    title = "{Creación de un entorno de desarrollo multiplataforma}",
    HOWPUBLISHED = "\url{http://wikis.uca.es/iberogre/index.php/Creaci%C3%B3n_de_un_entorno_de_trabajo_multiplataforma}"
}

@MISC{pdf:adese2010,
    AUTHOR = "{aDeSe (Asociación Española de Desarrolladores y Editores de Software de Entretenimiento)}",
    title = "{Balance económico de la industria del videojuego 2010}",
    HOWPUBLISHED = "\url{http://adese.es/pdf/balanceeconomico2010.pdf}"
}

@MISC{website:iberogre,
    AUTHOR = "{David Saltares Márquez}",
    title = "{IberOgre}",
    HOWPUBLISHED = "\url{http://wikis.uca.es/iberogre}"
}

@MISC{website:wikimedia,
    AUTHOR = "{Wikimedia Foundation}",
    title = "{Wikimedia}",
    HOWPUBLISHED = "\url{http://wikimedia.org}"
}

@MISC{website:nintendo-ds,
    AUTHOR = "{Wikipedia}",
    title = "{Nintendo DS}",
    HOWPUBLISHED = "\url{http://en.wikipedia.org/wiki/Nintendo_DS}"
}

@MISC{website:w3c,
    AUTHOR = "{W3C}",
    title = "{World Wide Web Consortium}",
    HOWPUBLISHED = "\url{http://w3c.es}"
}

@MISC{website:ppa,
    AUTHOR = "{Wikipedia}",
    title = "{Personal Package Archive}",
    HOWPUBLISHED = "\url{http://en.wikipedia.org/wiki/Personal_Package_Archive}"
}

@MISC{website:nintendo-3ds,
    AUTHOR = "{Wikipedia}",
    title = "{Nintendo 3DS}",
    HOWPUBLISHED = "\url{http://en.wikipedia.org/wiki/Nintendo_3DS}"
}

@MISC{website:gdb,
    AUTHOR = "{The GNU Project}",
    title = "{GNU Debugger}",
    HOWPUBLISHED = "\url{http://www.gnu.org/s/gdb/}"
}

@MISC{website:valgrind,
    AUTHOR = "{Valgrind}",
    title = "{Valgrind}",
    HOWPUBLISHED = "\url{http://valgrind.org/}"
}

@MISC{website:Kinect,
    AUTHOR = "{Wikipedia}",
    title = "{Kinect}",
    HOWPUBLISHED = "\url{http://en.wikipedia.org/wiki/Kinect}"
}

@MISC{website:ogre3d-wiki,
    AUTHOR = "{Ogre3D}",
    title = "{Ogre Wiki}",
    HOWPUBLISHED = "\url{http://ogre3d.org/tikiwiki/Home}"
}

@MISC{website:sdl,
    AUTHOR = "{Sam Latinga}",
    title = "{Simple DirectMedia Layer website}",
    HOWPUBLISHED = "\url{http://libsdl.org}"
}

@MISC{website:mygui,
    AUTHOR = "{MyGUI team}",
    title = "{MyGUI}",
    HOWPUBLISHED = "\url{http://mygui.info}"
}

@MISC{website:gosu,
    AUTHOR = "{Julian Raschke}",
    title = "{Gosu, 2D game development library}",
    HOWPUBLISHED = "\url{http://libgosu.org}"
}

@MISC{website:wikijuegos,
    AUTHOR = "{Antonio García Alba}",
    title = "{Wikijuegos}",
    HOWPUBLISHED = "\url{http://wikis.uca.es/wikijuegos}"
}

@MISC{website:rediris,
    AUTHOR = "{RedIRIS}",
    title = "{Forja de RedIRIS}",
    HOWPUBLISHED = "\url{http://forja.rediris.es}"
}

@MISC{website:svn,
    AUTHOR = "{Subversion}",
    title = "{Subversion}",
    HOWPUBLISHED = "\url{http://subversion.tigris.org}"
}

@MISC{website:gnu-gcc,
    AUTHOR = "{Wikipedia}",
    title = "{GNU Compiler Collection}",
    HOWPUBLISHED = "\url{http://en.wikipedia.org/wiki/GNU_Compiler_Collectiong}"
}

@MISC{website:doom,
    AUTHOR = "{Wikipedia}",
    title = "{Doom}",
    HOWPUBLISHED = "\url{http://en.wikipedia.org/wiki/Doom_(video_game)}"
}

@MISC{website:quakeIII,
    AUTHOR = "{Wikipedia}",
    title = "{Quake III Arena}",
    HOWPUBLISHED = "\url{http://en.wikipedia.org/wiki/Quake_III_Arena}"
}

@MISC{website:historia-videojuegos,
    AUTHOR = "{Wikipedia}",
    title = "{Historia de los videojuegos}",
    HOWPUBLISHED = "\url{http://es.wikipedia.org/wiki/Historia_de_los_videojuegos}"
}

@MISC{website:directx,
    AUTHOR = "{Wikipedia}",
    title = "{DirectX}",
    HOWPUBLISHED = "\url{http://en.wikipedia.org/wiki/Directx}"
}

@MISC{website:floyd,
    AUTHOR = "{Wikipedia}",
    title = "{Floyd-Warshall algorithm}",
    HOWPUBLISHED = "\url{http://en.wikipedia.org/wiki/Floyd%E2%80%93Warshall_algorithm}"
}

@MISC{website:spline,
    AUTHOR = "{Wikipedia}",
    title = "{Cubic Hermite spline}",
    HOWPUBLISHED = "\url{http://en.wikipedia.org/wiki/Cubic_Hermite_spline}"
}

@MISC{website:mediawiki,
    AUTHOR = "{Wikipedia}",
    title = "{MediaWiki}",
    HOWPUBLISHED = "\url{http://en.wikipedia.org/wiki/MediaWiki}"
}

@MISC{website:avbot,
    AUTHOR = "{Emilio José Rodríguez Posada}",
    title = "{AVBOT}",
    HOWPUBLISHED = "\url{http://code.google.com/p/avbot}"
}

@MISC{website:pugixml,
    AUTHOR = "{Arseny Kapoulkine}",
    title = "{pugixml}",
    HOWPUBLISHED = "\url{http://code.google.com/p/pugixml}"
}

@MISC{website:opengl,
    AUTHOR = "{Wikipedia}",
    title = "{OpenGL}",
    HOWPUBLISHED = "\url{http://en.wikipedia.org/wiki/Opengl}"
}

@MISC{website:ois,
    AUTHOR = "{Wrecked Games}",
    title = "{OIS (Object Oriented Input System)}",
    HOWPUBLISHED = "\url{http://sourceforge.net/projects/wgois}"
}

@MISC{website:cinema4d,
    AUTHOR = "{Wikipedia}",
    title = "{Cinema 4D}",
    HOWPUBLISHED = "\url{http://en.wikipedia.org/wiki/Cinema_4D}"
}

@MISC{website:gettext,
    AUTHOR = "{GNU Project}",
    title = "{gettext}",
    HOWPUBLISHED = "\url{http://www.gnu.org/s/gettext/}"
}

@MISC{website:boost,
    AUTHOR = "{Beman Dawes y David Abrahams}",
    title = "{Boost C++ libraries}",
    HOWPUBLISHED = "\url{http://www.boost.org/}"
}

@MISC{website:materiales,
    AUTHOR = "{David Saltares Márquez}",
    title = "{IberOgre - Materiales}",
    HOWPUBLISHED = "\url{http://osl2.uca.es/iberogre/index.php/Materiales}"
}

@MISC{website:recursos-iberogre,
    AUTHOR = "{David Saltares Márquez}",
    title = "{IberOgre - Extender la gestión de recursos, audio}",
    HOWPUBLISHED = "\url{http://osl2.uca.es/iberogre/Extender_la_gesti%C3%B3n_de_recursos,_audio}"
}

@MISC{website:gimp,
    AUTHOR = "{GIMP}",
    title = "{GNU Image Manipulation Program}",
    HOWPUBLISHED = "\url{http://gimp.org}"
}

@MISC{website:inkscape,
    AUTHOR = "{Inkscape}",
    title = "{Web oficial de Inkscape}",
    HOWPUBLISHED = "\url{http://inkscape.org/?lang=es}"
}

@MISC{website:audacity,
    AUTHOR = "{Audacity}",
    title = "{Web oficial de Audacity}",
    HOWPUBLISHED = "\url{http://audacity.sourceforge.net/}"
}

@MISC{website:xvidcap,
    AUTHOR = "{Karl H. Beckers}",
    title = "{XvidCap}",
    HOWPUBLISHED = "\url{http://xvidcap.sourceforge.net}"
}


@MISC{website:openshot,
    AUTHOR = "{OpenShot}",
    title = "{Web oficial de OpenShot Video Editor}",
    HOWPUBLISHED = "\url{http://openshotvideo.com}"
}


@MISC{website:planner,
    AUTHOR = "{Planner}",
    title = "{Web oficial de Planner}",
    HOWPUBLISHED = "\url{http://live.gnome.org/Planner}"
}


@MISC{website:bouml,
    AUTHOR = "{Bruno Pagès}",
    title = "{BoUML}",
    HOWPUBLISHED = "\url{http://bouml.free.fr}"
}

@MISC{website:dia,
    AUTHOR = "{Dia}",
    title = "{Web oficial de Dia}",
    HOWPUBLISHED = "\url{http://projects.gnome.org/dia}"
}

@MISC{website:statssvn,
    AUTHOR = "{StatsSVN}",
    title = "{Web oficial de StatsSVN}",
    HOWPUBLISHED = "\url{http://statsvn.org}"
}
